<?xml version="1.0" encoding="UTF-8"?>
<record xmlns="http://www.loc.gov/MARC21/slim" xmlns:xsi="http://www.w3.org/2001/XMLSchema-instance" xsi:schemaLocation="http://www.loc.gov/MARC21/slim http://www.loc.gov/standards/marcxml/schema/MARC21slim.xsd">
<leader>00000cam a22      i 4500</leader>
<controlfield tag="001">001467770</controlfield>
<controlfield tag="003">NNU</controlfield>
<controlfield tag="005">20160112163306.0</controlfield>
<controlfield tag="008">850406s1952    mr fh    bc   000 0 arax</controlfield>
<datafield tag="010" ind1=" " ind2=" ">
<subfield code="a">   59039755</subfield>
</datafield>
<datafield tag="035" ind1=" " ind2=" ">
<subfield code="a">(OCoLC)13889499</subfield>
</datafield>
<datafield tag="040" ind1=" " ind2=" ">
<subfield code="a">DLC</subfield>
<subfield code="b">eng</subfield>
<subfield code="c">NYP</subfield>
<subfield code="d">CUY</subfield>
<subfield code="d">LGG</subfield>
<subfield code="d">OCLCQ</subfield>
<subfield code="d">OCLCO</subfield>
<subfield code="d">NNU</subfield>
</datafield>
<datafield tag="043" ind1=" " ind2=" ">
<subfield code="a">f-mr---</subfield>
<subfield code="a">f------</subfield>
</datafield>
<datafield tag="050" ind1=" " ind2="4">
<subfield code="a">Z965</subfield>
<subfield code="b">.T46 1952</subfield>
</datafield>
<datafield tag="110" ind1="1" ind2=" ">
<subfield code="6">880-01</subfield>
<subfield code="a">Tétouan (Morocco).</subfield>
<subfield code="b">al-Maktabah al-ʻĀmmah.</subfield>
</datafield>
<datafield tag="245" ind1="1" ind2="0">
<subfield code="6">880-02</subfield>
<subfield code="a">Fihris al-muʼallifīn wa-al-ʻanāwīn lil-kutub al-ʻArabīyah al-mawjūdah bi-al-Maktabah al-ʻĀmmah lil-Ḥimāyah,</subfield>
<subfield code="c">min waḍʻ Aḥmad Muḥammad al-Miknāsī.</subfield>
</datafield>
<datafield tag="260" ind1=" " ind2=" ">
<subfield code="6">880-03</subfield>
<subfield code="a">Tiṭwān,</subfield>
<subfield code="c">Dār al-Ṭibāʻah al-Maghribīyah,</subfield>
<subfield code="c">1952.</subfield>
</datafield>
<datafield tag="300" ind1=" " ind2=" ">
<subfield code="a">603 pages :</subfield>
<subfield code="b">plates, facsimiles ;</subfield>
<subfield code="c">29 cm</subfield>
</datafield>
<datafield tag="336" ind1=" " ind2=" ">
<subfield code="a">text</subfield>
<subfield code="b">txt</subfield>
<subfield code="2">rdacontent</subfield>
</datafield>
<datafield tag="337" ind1=" " ind2=" ">
<subfield code="a">unmediated</subfield>
<subfield code="b">n</subfield>
<subfield code="2">rdamedia</subfield>
</datafield>
<datafield tag="338" ind1=" " ind2=" ">
<subfield code="a">volume</subfield>
<subfield code="b">nc</subfield>
<subfield code="2">rdacarrier</subfield>
</datafield>
<datafield tag="500" ind1=" " ind2=" ">
<subfield code="a">In Arabic.</subfield>
</datafield>
<datafield tag="500" ind1=" " ind2=" ">
<subfield code="a">At head of title: al-Iqāmah al-ʻĀmmah li-Isbānyā bi-al-Maghrib. Niyābat al-Tarbiyah wa-al-Thaqāfah. Mudīrīyat al-Maḥāfiẓ wa-al-Makātib lil-Ḥimāyah.</subfield>
</datafield>
<datafield tag="530" ind1=" " ind2=" ">
<subfield code="a">Also issued online.</subfield>
</datafield>
<datafield tag="500" ind1=" " ind2=" ">
<subfield code="a">In Arabic.</subfield>
</datafield>
<datafield tag="500" ind1=" " ind2=" ">
<subfield code="a">Added t.p.: Catálogo de autores y titulos de la Biblioteca General del Protectorado (Sección Árabe) redactado por Ahmed Mohammed Mekinasi.</subfield>
</datafield>
<datafield tag="651" ind1=" " ind2="0">
<subfield code="a">Africa</subfield>
<subfield code="v">Bibliography</subfield>
<subfield code="v">Catalogs.</subfield>
</datafield>
<datafield tag="610" ind1="2" ind2="0">
<subfield code="a">Biblioteca General del Protectorado (Morocco)</subfield>
<subfield code="v">Catalogs.</subfield>
</datafield>
<datafield tag="650" ind1=" " ind2="0">
<subfield code="a">Islam</subfield>
<subfield code="v">Bibliography</subfield>
<subfield code="v">Catalogs.</subfield>
</datafield>
<datafield tag="700" ind1="1" ind2=" ">
<subfield code="6">880-04</subfield>
<subfield code="a">Miknāsī, Aḥmad Muḥammad.</subfield>
</datafield>
<datafield tag="776" ind1="0" ind2="8">
<subfield code="i">Online version:</subfield>
<subfield code="a">Tétouan (Morocco). al-Maktabah al-ʻĀmmah.</subfield>
<subfield code="t">Fihris al-muʼallifīn wa-al-ʻanāwīn lil-kutub al-ʻArabīyah al-mawjūdah bi-al-Maktabah al-ʻĀmmah lil-Ḥimāyah.</subfield>
<subfield code="d">Tiṭwān, Dār al-Ṭibāʻah al-Maghribīyah, 1952</subfield>
<subfield code="w">(OCoLC)605738104</subfield>
</datafield>
<datafield tag="880" ind1="2" ind2=" ">
<subfield code="6">110-01/</subfield>
<subfield code="a">تطوان.</subfield>
<subfield code="b">المكتبة العامة.</subfield>
</datafield>
<datafield tag="880" ind1="1" ind2="0">
<subfield code="6">245-02/</subfield>
<subfield code="a">فهرس المؤلفين والعناوين للكتب العربية الموجودة بالمكتبة العامة للحماية /</subfield>
<subfield code="c">من وضع احمد محمد المكناسي.</subfield>
</datafield>
<datafield tag="880" ind1=" " ind2=" ">
<subfield code="6">260-03/</subfield>
<subfield code="a">تطوان :</subfield>
<subfield code="b">دار الطباعة المغربية،</subfield>
<subfield code="c">١٩٥٢.</subfield>
</datafield>
<datafield tag="880" ind1="1" ind2=" ">
<subfield code="6">700-04/</subfield>
<subfield code="a">مكناسي، احمد محمد.</subfield>
</datafield>
<datafield tag="OWN" ind1=" " ind2=" ">
<subfield code="a">GENERAL</subfield>
</datafield>
<datafield tag="AVA" ind1=" " ind2=" ">
<subfield code="a">NYU50</subfield>
<subfield code="b">BOBST</subfield>
<subfield code="c">Main Collection</subfield>
<subfield code="d">Z965 .T46</subfield>
<subfield code="e">unavailable</subfield>
<subfield code="t">Unavailable</subfield>
<subfield code="f">1</subfield>
<subfield code="g">1</subfield>
<subfield code="h">N</subfield>
<subfield code="i">0</subfield>
<subfield code="j">MAIN</subfield>
<subfield code="k">0</subfield>
</datafield>
</record>
